@Booklet{vmesbc,
    author         = "",
    title          = "",
    howpublished   = "",
    url            = "http://gocct.com/sheets/VP/vp71708x.htm",
    year           = "",
}
@Booklet{altera-cyclone,
    author         = "{ALTERA}",
    title          = "{Cyclone V FPGAs $\&$ SoCs}",
    url        = "https://www.altera.com/products/fpga/cyclone-series/cyclone-v/overview.html",
}
@Booklet{ref:picmicro,
    author         = "{Microchip}",
    title          = "{PIC32MX795F512L}",
    url        = "http://www.microchip.com/wwwproducts/Devices.aspx?dDocName=en545660",
}